@book{司守奎2011数学建模算法与应用,
  author={司守奎 and 孙玺菁},
  title={数学建模算法与应用},
  address={北京},
  publisher={国防工业出版社},
  year={2011},
}
@book{卓金武2011MATLAB,
  author={卓金武},
  title={MATLAB在数学建模中的应用},
  address={北京},
  publisher={北京航空航天大学出版社},
  year={2011},
}
@article{vazquez2021production,
  title={Production planning through lean manufacturing and mixed integer linear programming},
  author={V{\'A}ZQUEZ, Jos{\'e} Israel HERN{\'A}NDEZ and GONZ{\'A}LEZ, Salvador HERN{\'A}NDEZ and V{\'A}ZQUEZ, Jos{\'e} Omar HERN{\'A}NDEZ and GARC{\'I}A, Jos{\'e} Alfredo JIM{\'E}NEZ and FLORES, Mar{\'\i}a del Rosario BALTAZAR},
  journal={Leather and Footwear Journal},
  volume={21},
  number={1},
  pages={47--62},
  year={2021}
}
@article{lee2008mixed,
  title={A mixed 0-1 integer programming for inventory model: a case study of TFT-LCD manufacturing company in Taiwan},
  author={Lee, Amy HI and Kang, He-Yau},
  journal={Kybernetes},
  volume={37},
  number={1},
  pages={66--82},
  year={2008},
  publisher={Emerald Group Publishing Limited}
}
@article{claassen2014mixed,
  title={Mixed integer (0--1) fractional programming for decision support in paper production industry},
  author={Claassen, GDH},
  journal={Omega},
  volume={43},
  pages={21--29},
  year={2014},
  publisher={Elsevier}
}